<record xmlns="http://www.loc.gov/MARC21/slim" xmlns:xsi="http://www.w3.org/2001/XMLSchema-instance" xsi:schemaLocation="http://www.loc.gov/MARC21/slim http://www.loc.gov/standards/marcxml/schema/MARC21slim.xsd">

  <leader>00774nam a2200205   4500</leader>
  <datafield ind2=" " tag="999" ind1=" ">
    <subfield code="c">3526</subfield>
    <subfield code="d">3526</subfield>
  </datafield>
  <controlfield tag="008">180629b2013    a  a|||| |||| 00| | spa d</controlfield>
  <datafield ind1=" " tag="020" ind2=" ">
    <subfield code="a">9789500009881</subfield>
  </datafield>
  <datafield ind1=" " tag="090" ind2=" ">
    <subfield code="a">06.03.07</subfield>
    <subfield code="b">2459</subfield>
  </datafield>
  <datafield tag="100" ind1=" " ind2=" ">
    <subfield code="9">3847</subfield>
    <subfield code="a">Ferrari, Roberto Carlos</subfield>
  </datafield>
  <datafield ind2="3" ind1="1" tag="245">
    <subfield code="a">El big bang y la física del cosmos /</subfield>
    <subfield code="c">Roberto Carlos Ferrari, Lía Celinda Acosta, Daniel Stigliano,  MeEugenio Valiero, Merlo, David</subfield>
  </datafield>
  <datafield ind2=" " ind1=" " tag="260">
    <subfield code="a">[buenos Aires, Argentina] :</subfield>
    <subfield code="b">Ministerio de Educación de la Nación,</subfield>
    <subfield code="c">[2013]</subfield>
  </datafield>
  <datafield tag="300" ind1=" " ind2=" ">
    <subfield code="a">192 páginas;</subfield>
    <subfield code="b">ilustraciones</subfield>
  </datafield>
  <datafield tag="490" ind1=" " ind2=" ">
    <subfield code="a">Escritura en ciencias,</subfield>
    <subfield code="v">9</subfield>
  </datafield>
  <datafield ind2="0" tag="650" ind1=" ">
    <subfield code="9">996</subfield>
    <subfield code="a">ENSEÑANZA DE LAS CIENCIAS </subfield>
  </datafield>
  <datafield ind2=" " tag="700" ind1=" ">
    <subfield code="9">3848</subfield>
    <subfield code="a">Acosta, Lía Celinda</subfield>
  </datafield>
  <datafield ind2=" " ind1=" " tag="700">
    <subfield code="9">3849</subfield>
    <subfield code="a">Stigliano, Daniel </subfield>
  </datafield>
  <datafield ind1=" " tag="700" ind2=" ">
    <subfield code="9">3850</subfield>
    <subfield code="a">Valiero, Eugenio </subfield>
  </datafield>
  <datafield ind2=" " tag="700" ind1=" ">
    <subfield code="9">3851</subfield>
    <subfield code="a">Merlo, David</subfield>
  </datafield>
  <datafield ind2=" " ind1=" " tag="942">
    <subfield code="2">z</subfield>
    <subfield code="c">01</subfield>
  </datafield>
</record>